<record><leader>00000cas a22000007a 4500</leader><controlfield tag="001">14233404</controlfield><controlfield tag="008">860918d19151936paudn ne      0    0eng d</controlfield><datafield ind1=" " ind2=" " tag="010"><subfield code="a">sn 86082012 </subfield></datafield><datafield ind1=" " ind2=" " tag="040"><subfield code="a">NPH</subfield><subfield code="b">eng</subfield><subfield code="c">NPH</subfield><subfield code="d">NPX</subfield><subfield code="d">NPH</subfield><subfield code="d">OCLCQ</subfield></datafield><datafield ind1=" " ind2=" " tag="042"><subfield code="a">msc</subfield></datafield><datafield ind1="0" ind2=" " tag="130"><subfield code="a">Scranton Republican (Scranton, Pa. : 1915 : Daily)</subfield></datafield><datafield ind1="1" ind2="4" tag="245"><subfield code="a">The Scranton Republican.</subfield></datafield><datafield ind1=" " ind2=" " tag="260"><subfield code="a">Scranton, Pa. :</subfield><subfield code="b">Lackawanna Pub. Co.,</subfield><subfield code="c">1915-1936.</subfield></datafield><datafield ind1=" " ind2=" " tag="300"><subfield code="a">v. :</subfield><subfield code="b">ill. ;</subfield><subfield code="c">56 cm.</subfield></datafield><datafield ind1=" " ind2=" " tag="310"><subfield code="a">Daily (except Sun.)</subfield></datafield><datafield ind1="0" ind2=" " tag="362"><subfield code="a">Vol. 90, no. 70 (June 21, 1915)- ; -v. 317, no. 74 (Dec. 25, 1936).</subfield></datafield><datafield ind1=" " ind2=" " tag="500"><subfield code="a">Publisher: Frank D. Schroth, &lt;1936&gt;.</subfield></datafield><datafield ind1=" " ind2=" " tag="530"><subfield code="a">Available on microfilm.</subfield></datafield><datafield ind1=" " ind2=" " tag="752"><subfield code="a">United States</subfield><subfield code="b">Pennsylvania</subfield><subfield code="c">Lackawanna</subfield><subfield code="d">Scranton.</subfield></datafield><datafield ind1="0" ind2=" " tag="775"><subfield code="t">Scrantonian</subfield><subfield code="w">(OCoLC)15349864</subfield></datafield><datafield ind1="0" ind2="0" tag="780"><subfield code="t">Scranton Republican tribune truth and daily news</subfield><subfield code="w">(DLC)sn 86082001</subfield></datafield><datafield ind1="0" ind2="0" tag="785"><subfield code="t">Scranton tribune (Scranton, Pa. : 1936)</subfield><subfield code="w">(DLC)sn 86082013</subfield></datafield></record>